<record><leader>00000cas a22000007a 4500</leader><controlfield tag="001">15171196</controlfield><controlfield tag="008">870209d18691953mouwr ne      0    0eng d</controlfield><datafield ind1=" " ind2=" " tag="010"><subfield code="a">sn 87052166 </subfield></datafield><datafield ind1=" " ind2=" " tag="040"><subfield code="a">NPX</subfield><subfield code="b">eng</subfield><subfield code="c">NPX</subfield><subfield code="d">MQN</subfield><subfield code="d">OCLCQ</subfield></datafield><datafield ind1=" " ind2=" " tag="042"><subfield code="a">msc</subfield></datafield><datafield ind1="0" ind2="4" tag="245"><subfield code="a">The Neosho times.</subfield></datafield><datafield ind1=" " ind2=" " tag="260"><subfield code="a">Neosho, Mo. :</subfield><subfield code="b">A.M. Sevier,</subfield><subfield code="c">1869-1953.</subfield></datafield><datafield ind1=" " ind2=" " tag="300"><subfield code="a">v.</subfield></datafield><datafield ind1=" " ind2=" " tag="310"><subfield code="a">Weekly</subfield></datafield><datafield ind1="0" ind2=" " tag="362"><subfield code="a">Vol. 1, no. 1 (Nov. 16, 1869)-v. 84, no. 36 (July 23, 1953).</subfield></datafield><datafield ind1=" " ind2="4" tag="651"><subfield code="a">Neosho (Mo.)</subfield><subfield code="v">Newspapers.</subfield></datafield><datafield ind1=" " ind2=" " tag="752"><subfield code="a">United States</subfield><subfield code="b">Missouri</subfield><subfield code="c">Newton</subfield><subfield code="d">Neosho.</subfield></datafield><datafield ind1="0" ind2="4" tag="785"><subfield code="t">Neosho daily news</subfield><subfield code="w">(DLC)sn 89067055</subfield></datafield><datafield ind1="1" ind2=" " tag="029"><subfield code="a">AU@</subfield><subfield code="b">000025824519</subfield></datafield></record>